
    <marc:record>
        <marc:leader>03057cim a2200625 c 4500</marc:leader>
        <marc:controlfield tag="001">990605946084702202</marc:controlfield>
        <marc:controlfield tag="005">20230228113251.0</marc:controlfield>
        <marc:controlfield tag="007">sd f||||||||||</marc:controlfield>
        <marc:controlfield tag="008">150227s2006    no#||||j|||||||f#|||nob| </marc:controlfield>
        <marc:datafield tag="014" ind1="1" ind2=" ">
            <marc:subfield code="a">060594608</marc:subfield>
            <marc:subfield code="b">(NO-TrBIB)</marc:subfield>
        </marc:datafield>
        <marc:datafield tag="014" ind1="1" ind2=" ">
            <marc:subfield code="a">060594608</marc:subfield>
            <marc:subfield code="b">(NO-TrBIB)</marc:subfield>
        </marc:datafield>
        <marc:datafield tag="015" ind1=" " ind2=" ">
            <marc:subfield code="a">0609376</marc:subfield>
            <marc:subfield code="2">nbf</marc:subfield>
        </marc:datafield>
        <marc:datafield tag="020" ind1=" " ind2=" ">
            <marc:subfield code="a">8242119252</marc:subfield>
            <marc:subfield code="c">Nkr 299.00</marc:subfield>
        </marc:datafield>
        <marc:datafield tag="020" ind1=" " ind2=" ">
            <marc:subfield code="a">9788242119254</marc:subfield>
        </marc:datafield>
        <marc:datafield tag="035" ind1=" " ind2=" ">
            <marc:subfield code="a">(EXLNZ-47BIBSYS_NETWORK)990605946084702201</marc:subfield>
        </marc:datafield>
        <marc:datafield tag="035" ind1=" " ind2=" ">
            <marc:subfield code="a">(FHS-SK)151343</marc:subfield>
        </marc:datafield>
        <marc:datafield tag="035" ind1=" " ind2=" ">
            <marc:subfield code="a">(NO-TrBIB)060594608</marc:subfield>
        </marc:datafield>
        <marc:datafield tag="035" ind1=" " ind2=" ">
            <marc:subfield code="a">060594608-47bibsys_network</marc:subfield>
        </marc:datafield>
        <marc:datafield tag="035" ind1=" " ind2=" ">
            <marc:subfield code="a">06ga07342-47bibsys_nb</marc:subfield>
        </marc:datafield>
        <marc:datafield tag="035" ind1=" " ind2=" ">
            <marc:subfield code="a">06sa05224-47bibsys_nb</marc:subfield>
        </marc:datafield>
        <marc:datafield tag="040" ind1=" " ind2=" ">
            <marc:subfield code="a">NO-OsNB</marc:subfield>
            <marc:subfield code="b">nob</marc:subfield>
            <marc:subfield code="e">katreg</marc:subfield>
        </marc:datafield>
        <marc:datafield tag="041" ind1="1" ind2=" ">
            <marc:subfield code="h">mul</marc:subfield>
            <marc:subfield code="d">nob</marc:subfield>
        </marc:datafield>
        <marc:datafield tag="042" ind1=" " ind2=" ">
            <marc:subfield code="a">norbibl</marc:subfield>
        </marc:datafield>
        <marc:datafield tag="044" ind1=" " ind2=" ">
            <marc:subfield code="c">no</marc:subfield>
        </marc:datafield>
        <marc:datafield tag="082" ind1="7" ind2="4">
            <marc:subfield code="a">808.83</marc:subfield>
            <marc:subfield code="q">NO-OsNB</marc:subfield>
            <marc:subfield code="2">5/nor</marc:subfield>
        </marc:datafield>
        <marc:datafield tag="245" ind1="0" ind2="4">
            <marc:subfield code="a">Den Røde døds maske :</marc:subfield>
            <marc:subfield code="b">og andre grøsserhistorier</marc:subfield>
            <marc:subfield code="c">[Edgar Allan Poe m.fl.]</marc:subfield>
            <marc:subfield code="h">[lydopptak]</marc:subfield>
        </marc:datafield>
        <marc:datafield tag="260" ind1=" " ind2=" ">
            <marc:subfield code="a">[Melhus]</marc:subfield>
            <marc:subfield code="b">Lydbokforl.</marc:subfield>
            <marc:subfield code="c">2006</marc:subfield>
        </marc:datafield>
        <marc:datafield tag="300" ind1=" " ind2=" ">
            <marc:subfield code="a">3 plater (CD) (3 t, 29 min)</marc:subfield>
            <marc:subfield code="b">digital</marc:subfield>
            <marc:subfield code="c">12 cm, i eske</marc:subfield>
        </marc:datafield>
        <marc:datafield tag="500" ind1=" " ind2=" ">
            <marc:subfield code="a">Lest av Frøydis Armand</marc:subfield>
        </marc:datafield>
        <marc:datafield tag="500" ind1=" " ind2=" ">
            <marc:subfield code="a">Øvrige forfattere: Rosemary Timperley, Richard Matheson, Charles Dickens, Ray Bradbury, Arthur Conan Doyle, André Bjerke og Guy de Maupassant</marc:subfield>
        </marc:datafield>
        <marc:datafield tag="655" ind1=" " ind2="4">
            <marc:subfield code="a">Kriminal</marc:subfield>
        </marc:datafield>
        <marc:datafield tag="700" ind1="1" ind2=" ">
            <marc:subfield code="a">Armand, Frøydis</marc:subfield>
            <marc:subfield code="d">1949-2022</marc:subfield>
            <marc:subfield code="e">medarb.</marc:subfield>
            <marc:subfield code="0">(NO-TrBIB)90914136</marc:subfield>
        </marc:datafield>
        <marc:datafield tag="700" ind1="1" ind2=" ">
            <marc:subfield code="a">Bjerke, André</marc:subfield>
            <marc:subfield code="d">1918-1985</marc:subfield>
            <marc:subfield code="e">medarb.</marc:subfield>
            <marc:subfield code="0">(NO-TrBIB)90060945</marc:subfield>
        </marc:datafield>
        <marc:datafield tag="700" ind1="1" ind2=" ">
            <marc:subfield code="a">Bradbury, Ray</marc:subfield>
            <marc:subfield code="d">1920-2012</marc:subfield>
            <marc:subfield code="e">medarb.</marc:subfield>
            <marc:subfield code="0">(NO-TrBIB)90083059</marc:subfield>
        </marc:datafield>
        <marc:datafield tag="700" ind1="1" ind2=" ">
            <marc:subfield code="a">Dickens, Charles</marc:subfield>
            <marc:subfield code="d">1812-1870</marc:subfield>
            <marc:subfield code="e">medarb.</marc:subfield>
            <marc:subfield code="0">(NO-TrBIB)90051428</marc:subfield>
        </marc:datafield>
        <marc:datafield tag="700" ind1="1" ind2=" ">
            <marc:subfield code="a">Doyle, Arthur Conan</marc:subfield>
            <marc:subfield code="d">1859-1930</marc:subfield>
            <marc:subfield code="e">medarb.</marc:subfield>
            <marc:subfield code="0">(NO-TrBIB)90059591</marc:subfield>
        </marc:datafield>
        <marc:datafield tag="700" ind1="1" ind2=" ">
            <marc:subfield code="a">Matheson, Richard</marc:subfield>
            <marc:subfield code="d">1926-2013</marc:subfield>
            <marc:subfield code="e">medarb.</marc:subfield>
            <marc:subfield code="0">(NO-TrBIB)90081040</marc:subfield>
        </marc:datafield>
        <marc:datafield tag="700" ind1="1" ind2=" ">
            <marc:subfield code="a">Maupassant, Guy de</marc:subfield>
            <marc:subfield code="d">1850-1893</marc:subfield>
            <marc:subfield code="e">medarb.</marc:subfield>
            <marc:subfield code="0">(NO-TrBIB)90088962</marc:subfield>
        </marc:datafield>
        <marc:datafield tag="700" ind1="1" ind2=" ">
            <marc:subfield code="a">Poe, Edgar Allan</marc:subfield>
            <marc:subfield code="d">1809-1849</marc:subfield>
            <marc:subfield code="e">medarb.</marc:subfield>
            <marc:subfield code="0">(NO-TrBIB)90081220</marc:subfield>
        </marc:datafield>
        <marc:datafield tag="700" ind1="1" ind2=" ">
            <marc:subfield code="a">Timperley, Rosemary,</marc:subfield>
            <marc:subfield code="e">medarb.</marc:subfield>
            <marc:subfield code="0">(NO-TrBIB)6024949</marc:subfield>
        </marc:datafield>
        <marc:datafield tag="852" ind1="8" ind2=" ">
            <marc:subfield code="b">0030100</marc:subfield>
            <marc:subfield code="c">g00005</marc:subfield>
            <marc:subfield code="h">Småtr. 1092</marc:subfield>
        </marc:datafield>
        <marc:datafield tag="852" ind1="8" ind2=" ">
            <marc:subfield code="b">0183334</marc:subfield>
            <marc:subfield code="c">g00001</marc:subfield>
            <marc:subfield code="h">d KZ 2006 0491-0493</marc:subfield>
        </marc:datafield>
        <marc:datafield tag="856" ind1="4" ind2="2">
            <marc:subfield code="3">Forlagets beskrivelse (lang)</marc:subfield>
            <marc:subfield code="u">https://contents.bibs.aws.unit.no/?isbn=8242119252</marc:subfield>
        </marc:datafield>
        <marc:datafield tag="856" ind1="4" ind2="2">
            <marc:subfield code="3">Forlagets beskrivelse (lang)</marc:subfield>
            <marc:subfield code="u">https://contents.bibs.aws.unit.no/?isbn=9788242119254</marc:subfield>
        </marc:datafield>
        <marc:datafield tag="856" ind1="4" ind2="2">
            <marc:subfield code="3">Lydfil</marc:subfield>
            <marc:subfield code="u">https://contents.bibs.aws.unit.no/files/audio/mp3/4/5/9788242119254.mp3</marc:subfield>
            <marc:subfield code="q">audio/mpeg</marc:subfield>
        </marc:datafield>
        <marc:datafield tag="856" ind1="4" ind2="2">
            <marc:subfield code="3">Omslagsbilde</marc:subfield>
            <marc:subfield code="u">https://contents.bibs.aws.unit.no/files/images/large/4/5/9788242119254.jpg</marc:subfield>
            <marc:subfield code="q">image/jpeg</marc:subfield>
        </marc:datafield>
        <marc:datafield tag="856" ind1="4" ind2="2">
            <marc:subfield code="3">Omslagsbilde</marc:subfield>
            <marc:subfield code="u">https://contents.bibs.aws.unit.no/files/images/small/2/5/8242119252.jpg</marc:subfield>
            <marc:subfield code="q">image/jpeg</marc:subfield>
        </marc:datafield>
        <marc:datafield tag="856" ind1="4" ind2="2">
            <marc:subfield code="3">Omslagsbilde</marc:subfield>
            <marc:subfield code="u">https://contents.bibs.aws.unit.no/files/images/small/4/5/9788242119254.jpg</marc:subfield>
            <marc:subfield code="q">image/jpeg</marc:subfield>
        </marc:datafield>
        <marc:datafield tag="856" ind1="4" ind2="2">
            <marc:subfield code="3">Originalt bilde</marc:subfield>
            <marc:subfield code="u">https://contents.bibs.aws.unit.no/files/images/original/4/5/9788242119254.jpg</marc:subfield>
            <marc:subfield code="q">image/jpeg</marc:subfield>
        </marc:datafield>
        <marc:datafield tag="859" ind1=" " ind2=" ">
            <marc:subfield code="a">0030100</marc:subfield>
            <marc:subfield code="b">g00005</marc:subfield>
            <marc:subfield code="c">Småtr. 1092</marc:subfield>
            <marc:subfield code="f">0</marc:subfield>
            <marc:subfield code="h">0</marc:subfield>
            <marc:subfield code="x">2015-10-31</marc:subfield>
        </marc:datafield>
        <marc:datafield tag="859" ind1=" " ind2=" ">
            <marc:subfield code="a">0183334</marc:subfield>
            <marc:subfield code="b">g00001</marc:subfield>
            <marc:subfield code="c">d KZ 2006 0491-0493</marc:subfield>
            <marc:subfield code="f">0</marc:subfield>
            <marc:subfield code="h">0</marc:subfield>
            <marc:subfield code="x">2015-10-31</marc:subfield>
        </marc:datafield>
        <marc:datafield tag="876" ind1=" " ind2=" ">
            <marc:subfield code="a">06ga07342</marc:subfield>
            <marc:subfield code="d">20060419</marc:subfield>
            <marc:subfield code="j">kat</marc:subfield>
            <marc:subfield code="p">06ga07342</marc:subfield>
            <marc:subfield code="r">06ga07342</marc:subfield>
            <marc:subfield code="w">CD</marc:subfield>
            <marc:subfield code="z">(CD-plater) (Til bruk på NB Oslos lesesal)</marc:subfield>
        </marc:datafield>
        <marc:datafield tag="876" ind1=" " ind2=" ">
            <marc:subfield code="a">06sa05224</marc:subfield>
            <marc:subfield code="d">20060405</marc:subfield>
            <marc:subfield code="j">kat</marc:subfield>
            <marc:subfield code="p">06sa05224</marc:subfield>
            <marc:subfield code="r">06sa05224</marc:subfield>
            <marc:subfield code="w">CD</marc:subfield>
        </marc:datafield>
        <marc:datafield tag="901" ind1=" " ind2=" ">
            <marc:subfield code="a">90</marc:subfield>
        </marc:datafield>
        <marc:datafield tag="913" ind1=" " ind2=" ">
            <marc:subfield code="a">Norbok</marc:subfield>
            <marc:subfield code="b">NB</marc:subfield>
        </marc:datafield>
    </marc:record>