
    <marc:record>
        <marc:leader>03685cam a22008777c 4500</marc:leader>
        <marc:controlfield tag="001">991027300914702202</marc:controlfield>
        <marc:controlfield tag="005">20230305185236.0</marc:controlfield>
        <marc:controlfield tag="007">cr#|||||||||||</marc:controlfield>
        <marc:controlfield tag="008">141124s1985    xx ||||jo|||||000|u|nob| </marc:controlfield>
        <marc:datafield tag="035" ind1=" " ind2=" ">
            <marc:subfield code="a">(EXLNZ-47BIBSYS_NETWORK)991027300914702201</marc:subfield>
        </marc:datafield>
        <marc:datafield tag="035" ind1=" " ind2=" ">
            <marc:subfield code="a">(NO-TrBIB)102730091</marc:subfield>
        </marc:datafield>
        <marc:datafield tag="040" ind1=" " ind2=" ">
            <marc:subfield code="a">NO-OsNB</marc:subfield>
            <marc:subfield code="b">nob</marc:subfield>
            <marc:subfield code="e">katreg</marc:subfield>
        </marc:datafield>
        <marc:datafield tag="041" ind1="1" ind2=" ">
            <marc:subfield code="h">gre</marc:subfield>
        </marc:datafield>
        <marc:datafield tag="082" ind1="7" ind2="4">
            <marc:subfield code="a">808.89[SU]</marc:subfield>
            <marc:subfield code="q">NO-OsNB</marc:subfield>
            <marc:subfield code="2">4/nor</marc:subfield>
        </marc:datafield>
        <marc:datafield tag="245" ind1="0" ind2="0">
            <marc:subfield code="a">Barnas beste</marc:subfield>
            <marc:subfield code="h">[elektronisk ressurs]</marc:subfield>
            <marc:subfield code="p">Det flyvende teppe</marc:subfield>
        </marc:datafield>
        <marc:datafield tag="260" ind1=" " ind2=" ">
            <marc:subfield code="a">[Oslo]</marc:subfield>
            <marc:subfield code="b">Cappelen</marc:subfield>
            <marc:subfield code="c">1985</marc:subfield>
        </marc:datafield>
        <marc:datafield tag="300" ind1=" " ind2=" ">
            <marc:subfield code="a">161 s.</marc:subfield>
        </marc:datafield>
        <marc:datafield tag="533" ind1=" " ind2=" ">
            <marc:subfield code="a">Elektronisk reproduksjon</marc:subfield>
            <marc:subfield code="b">[Norge]</marc:subfield>
            <marc:subfield code="c">Nasjonalbiblioteket Digital</marc:subfield>
            <marc:subfield code="d">2015-11-07</marc:subfield>
        </marc:datafield>
        <marc:datafield tag="653" ind1=" " ind2=" ">
            <marc:subfield code="a">barnebøker</marc:subfield>
            <marc:subfield code="a">antologier</marc:subfield>
            <marc:subfield code="a">fantastiske</marc:subfield>
            <marc:subfield code="a">fortellinger</marc:subfield>
            <marc:subfield code="a">reisebeskrivelser</marc:subfield>
            <marc:subfield code="a">barne-</marc:subfield>
            <marc:subfield code="a">ungdomslitteratur</marc:subfield>
            <marc:subfield code="a">samlinger</marc:subfield>
        </marc:datafield>
        <marc:datafield tag="700" ind1="0" ind2=" ">
            <marc:subfield code="2"/>
            <marc:subfield code="a">Collodi, Carlo</marc:subfield>
            <marc:subfield code="d">1826-1890</marc:subfield>
            <marc:subfield code="t">Pinocchio blir slukt av den store hvalen</marc:subfield>
            <marc:subfield code="0">(NO-TrBIB)900531</marc:subfield>
        </marc:datafield>
        <marc:datafield tag="700" ind1="1" ind2=" ">
            <marc:subfield code="2"/>
            <marc:subfield code="a">Mørck, Sidsel</marc:subfield>
            <marc:subfield code="d">1937-</marc:subfield>
            <marc:subfield code="t">Reise langt vers</marc:subfield>
            <marc:subfield code="0">(NO-TrBIB)900748</marc:subfield>
        </marc:datafield>
        <marc:datafield tag="700" ind1="1" ind2=" ">
            <marc:subfield code="a">Olsen, Vivian Zahl</marc:subfield>
            <marc:subfield code="d">1942-</marc:subfield>
            <marc:subfield code="0">(NO-TrBIB)90069642</marc:subfield>
            <marc:subfield code="4">bjd</marc:subfield>
        </marc:datafield>
        <marc:datafield tag="700" ind1="1" ind2="2">
            <marc:subfield code="a">Andersen, H.C.</marc:subfield>
            <marc:subfield code="d">1805-1875</marc:subfield>
            <marc:subfield code="q">(Hans Christian)</marc:subfield>
            <marc:subfield code="t">Tommelise</marc:subfield>
            <marc:subfield code="0">(NO-TrBIB)1542229200036</marc:subfield>
        </marc:datafield>
        <marc:datafield tag="700" ind1="1" ind2="2">
            <marc:subfield code="a">Asbjørnsen, P. Chr.</marc:subfield>
            <marc:subfield code="d">1812-1885</marc:subfield>
            <marc:subfield code="q">(Peter Christen)</marc:subfield>
            <marc:subfield code="t">Østenfor sol og  vestenfor måne</marc:subfield>
            <marc:subfield code="">&amp;#xbf;ưm</marc:subfield>
            <marc:subfield code="0">(NO-TrBIB)900606</marc:subfield>
        </marc:datafield>
        <marc:datafield tag="700" ind1="1" ind2="2">
            <marc:subfield code="a">Greene, Graham</marc:subfield>
            <marc:subfield code="d">1904-1991</marc:subfield>
            <marc:subfield code="t">Det lille toget</marc:subfield>
            <marc:subfield code="0">(NO-TrBIB)90062258</marc:subfield>
        </marc:datafield>
        <marc:datafield tag="700" ind1="2" ind2=" ">
            <marc:subfield code="2"/>
            <marc:subfield code="a">Ørjasæter, Jo</marc:subfield>
            <marc:subfield code="d">1925-2006</marc:subfield>
            <marc:subfield code="t">Daidalos, Ikaros og vingene</marc:subfield>
            <marc:subfield code="0">(NO-TrBIB)901467</marc:subfield>
        </marc:datafield>
        <marc:datafield tag="700" ind1="3" ind2=" ">
            <marc:subfield code="2"/>
            <marc:subfield code="a">Bradbury, Ray</marc:subfield>
            <marc:subfield code="d">1920-2012</marc:subfield>
            <marc:subfield code="t">Flygemaskinen</marc:subfield>
            <marc:subfield code="0">(NO-TrBIB)900830</marc:subfield>
        </marc:datafield>
        <marc:datafield tag="700" ind1="5" ind2=" ">
            <marc:subfield code="2"/>
            <marc:subfield code="a">Moe, Jørgen</marc:subfield>
            <marc:subfield code="d">1813-1882</marc:subfield>
            <marc:subfield code="t">Østenfor sol og vestenfor måne</marc:subfield>
            <marc:subfield code="0">(NO-TrBIB)900538</marc:subfield>
        </marc:datafield>
        <marc:datafield tag="700" ind1="5" ind2=" ">
            <marc:subfield code="2"/>
            <marc:subfield code="a">Raspe, Rudolf Erich</marc:subfield>
            <marc:subfield code="d">1737-1794</marc:subfield>
            <marc:subfield code="t">Med Münchhausen til månen</marc:subfield>
            <marc:subfield code="0">(NO-TrBIB)909214</marc:subfield>
        </marc:datafield>
        <marc:datafield tag="700" ind1="6" ind2=" ">
            <marc:subfield code=" "/>
            <marc:subfield code="a">Ørjasæter, Tordis</marc:subfield>
            <marc:subfield code="d">1927-</marc:subfield>
            <marc:subfield code="0">(NO-TrBIB)90092705</marc:subfield>
            <marc:subfield code="4">e</marc:subfield>
        </marc:datafield>
        <marc:datafield tag="700" ind1="6" ind2=" ">
            <marc:subfield code="2"/>
            <marc:subfield code="a">Eriksson, Eva</marc:subfield>
            <marc:subfield code="d">1949-</marc:subfield>
            <marc:subfield code="t">Tannreisen</marc:subfield>
            <marc:subfield code="0">(NO-TrBIB)100524</marc:subfield>
        </marc:datafield>
        <marc:datafield tag="700" ind1="6" ind2=" ">
            <marc:subfield code="2"/>
            <marc:subfield code="a">Kirkegaard, Ole Lund</marc:subfield>
            <marc:subfield code="d">1940-1979</marc:subfield>
            <marc:subfield code="t">Hodja og det flyvende teppet</marc:subfield>
            <marc:subfield code="0">(NO-TrBIB)900601</marc:subfield>
        </marc:datafield>
        <marc:datafield tag="700" ind1="7" ind2=" ">
            <marc:subfield code="2"/>
            <marc:subfield code="a">Hoban, Russell</marc:subfield>
            <marc:subfield code="d">1925-2011</marc:subfield>
            <marc:subfield code="t">De kom fra ARRGH!</marc:subfield>
            <marc:subfield code="0">(NO-TrBIB)902147</marc:subfield>
        </marc:datafield>
        <marc:datafield tag="700" ind1="8" ind2=" ">
            <marc:subfield code="2"/>
            <marc:subfield code="a">Bringsværd, Tor Åge</marc:subfield>
            <marc:subfield code="d">1939-</marc:subfield>
            <marc:subfield code="t">Ruffen på nye eventyr</marc:subfield>
            <marc:subfield code="0">(NO-TrBIB)900589</marc:subfield>
        </marc:datafield>
        <marc:datafield tag="700" ind1="8" ind2=" ">
            <marc:subfield code="2"/>
            <marc:subfield code="a">Hallqvist, Britt G.</marc:subfield>
            <marc:subfield code="d">1914-1997</marc:subfield>
            <marc:subfield code="t">Sideveien</marc:subfield>
            <marc:subfield code="0">(NO-TrBIB)901244</marc:subfield>
        </marc:datafield>
        <marc:datafield tag="700" ind1="8" ind2=" ">
            <marc:subfield code="2"/>
            <marc:subfield code="a">Wiemer, Rudolf Otto</marc:subfield>
            <marc:subfield code="t">Jonas og hvalen</marc:subfield>
            <marc:subfield code="0">(NO-TrBIB)100624</marc:subfield>
        </marc:datafield>
        <marc:datafield tag="700" ind1="9" ind2=" ">
            <marc:subfield code="2"/>
            <marc:subfield code="a">Kleveland, Jon</marc:subfield>
            <marc:subfield code="d">1856-1935</marc:subfield>
            <marc:subfield code="t">Daidalos, Ikaros og vingene</marc:subfield>
            <marc:subfield code="0">(NO-TrBIB)15338873744</marc:subfield>
        </marc:datafield>
        <marc:datafield tag="700" ind1="9" ind2=" ">
            <marc:subfield code="2"/>
            <marc:subfield code="a">Lööf, Jan</marc:subfield>
            <marc:subfield code="d">1940-</marc:subfield>
            <marc:subfield code="t">Morfar er sjørøver</marc:subfield>
            <marc:subfield code="0">(NO-TrBIB)903748</marc:subfield>
        </marc:datafield>
        <marc:datafield tag="700" ind1="9" ind2=" ">
            <marc:subfield code="2"/>
            <marc:subfield code="a">Milne, A.A.</marc:subfield>
            <marc:subfield code="d">1882-1956</marc:subfield>
            <marc:subfield code="q">(Alan Alexander)</marc:subfield>
            <marc:subfield code="t">En ekspedisjon til Nordpolen</marc:subfield>
            <marc:subfield code="0">(NO-TrBIB)15761046000</marc:subfield>
        </marc:datafield>
        <marc:datafield tag="700" ind1="t" ind2=" ">
            <marc:subfield code="2"/>
            <marc:subfield code="a">Janosch</marc:subfield>
            <marc:subfield code="d">1931-</marc:subfield>
            <marc:subfield code="t">Til Panama, til Panama!</marc:subfield>
            <marc:subfield code="0">(NO-TrBIB)900606</marc:subfield>
        </marc:datafield>
        <marc:datafield tag="740" ind1="0" ind2=" ">
            <marc:subfield code="a">lille toget</marc:subfield>
        </marc:datafield>
        <marc:datafield tag="773" ind1="0" ind2="8">
            <marc:subfield code="i">Inkludert i</marc:subfield>
            <marc:subfield code="t">Barnas beste</marc:subfield>
            <marc:subfield code="d">[Oslo] : Cappelen, 1981-    .</marc:subfield>
            <marc:subfield code="w">(NO-TrBIB)10195803x</marc:subfield>
        </marc:datafield>
        <marc:datafield tag="856" ind1="7" ind2=" ">
            <marc:subfield code="1"/>
            <marc:subfield code="3">Fulltekst</marc:subfield>
            <marc:subfield code="u">https://urn.nb.no/URN:NBN:no-nb_digibok_2007062701048</marc:subfield>
            <marc:subfield code="y">Nettbiblioteket</marc:subfield>
            <marc:subfield code="z">Digital representasj</marc:subfield>
        </marc:datafield>
        <marc:datafield tag="856" ind1="l" ind2=" ">
            <marc:subfield code="0"/>
            <marc:subfield code="3"/>
            <marc:subfield code="y">NB Digital</marc:subfield>
            <marc:subfield code="u">http://urn.nb.no/URN:NBN:no-nb_digibok_2007062701048</marc:subfield>
        </marc:datafield>
        <marc:datafield tag="901" ind1="n" ind2=" ">
            <marc:subfield code=" "/>
            <marc:subfield code="a"/>
        </marc:datafield>
        <marc:datafield tag="999" ind1="0" ind2=" ">
            <marc:subfield code=" "/>
            <marc:subfield code="a">OA</marc:subfield>
            <marc:subfield code="9">loc</marc:subfield>
        </marc:datafield>
        <marc:datafield tag="999" ind1="l" ind2=" ">
            <marc:subfield code=" "/>
            <marc:subfield code="a">OA</marc:subfield>
            <marc:subfield code="9">loc</marc:subfield>
        </marc:datafield>
        <marc:datafield tag="999" ind1="l" ind2=" ">
            <marc:subfield code=" "/>
            <marc:subfield code="a">OA</marc:subfield>
            <marc:subfield code="9">loc</marc:subfield>
        </marc:datafield>
        <marc:datafield tag="999" ind1="l" ind2=" ">
            <marc:subfield code=" "/>
            <marc:subfield code="a">OA</marc:subfield>
            <marc:subfield code="9">loc</marc:subfield>
        </marc:datafield>
        <marc:datafield tag="999" ind1="l" ind2=" ">
            <marc:subfield code=" "/>
            <marc:subfield code="a">OA</marc:subfield>
            <marc:subfield code="9">loc</marc:subfield>
        </marc:datafield>
        <marc:datafield tag="999" ind1="l" ind2=" ">
            <marc:subfield code=" "/>
            <marc:subfield code="a">OA</marc:subfield>
            <marc:subfield code="9">loc</marc:subfield>
        </marc:datafield>
        <marc:datafield tag="999" ind1="l" ind2=" ">
            <marc:subfield code=" "/>
            <marc:subfield code="a">OA</marc:subfield>
            <marc:subfield code="9">loc</marc:subfield>
        </marc:datafield>
        <marc:datafield tag="999" ind1="l" ind2=" ">
            <marc:subfield code=" "/>
            <marc:subfield code="a">OA</marc:subfield>
            <marc:subfield code="9">loc</marc:subfield>
        </marc:datafield>
        <marc:datafield tag="999" ind1="l" ind2=" ">
            <marc:subfield code=" "/>
            <marc:subfield code="a">OA</marc:subfield>
            <marc:subfield code="9">loc</marc:subfield>
        </marc:datafield>
        <marc:datafield tag="999" ind1="l" ind2=" ">
            <marc:subfield code=" "/>
            <marc:subfield code="a">OA</marc:subfield>
            <marc:subfield code="9">loc</marc:subfield>
        </marc:datafield>
        <marc:datafield tag="999" ind1="l" ind2=" ">
            <marc:subfield code=" "/>
            <marc:subfield code="a">OA</marc:subfield>
            <marc:subfield code="9">loc</marc:subfield>
        </marc:datafield>
        <marc:datafield tag="999" ind1="l" ind2=" ">
            <marc:subfield code=" "/>
            <marc:subfield code="a">OA</marc:subfield>
            <marc:subfield code="9">loc</marc:subfield>
        </marc:datafield>
        <marc:datafield tag="999" ind1="l" ind2=" ">
            <marc:subfield code=" "/>
            <marc:subfield code="a">OA</marc:subfield>
            <marc:subfield code="9">loc</marc:subfield>
        </marc:datafield>
        <marc:datafield tag="999" ind1="l" ind2=" ">
            <marc:subfield code=" "/>
            <marc:subfield code="a">OA</marc:subfield>
            <marc:subfield code="9">loc</marc:subfield>
        </marc:datafield>
        <marc:datafield tag="999" ind1="l" ind2=" ">
            <marc:subfield code=" "/>
            <marc:subfield code="a">OA</marc:subfield>
            <marc:subfield code="9">loc</marc:subfield>
        </marc:datafield>
        <marc:datafield tag="999" ind1="l" ind2=" ">
            <marc:subfield code=" "/>
            <marc:subfield code="a">OA</marc:subfield>
            <marc:subfield code="9">loc</marc:subfield>
        </marc:datafield>
        <marc:datafield tag="999" ind1="l" ind2=" ">
            <marc:subfield code=" "/>
            <marc:subfield code="a">OA</marc:subfield>
            <marc:subfield code="9">loc</marc:subfield>
        </marc:datafield>
        <marc:datafield tag="999" ind1="l" ind2=" ">
            <marc:subfield code=" "/>
            <marc:subfield code="a">OA</marc:subfield>
            <marc:subfield code="9">loc</marc:subfield>
        </marc:datafield>
        <marc:datafield tag="999" ind1="l" ind2=" ">
            <marc:subfield code=" "/>
            <marc:subfield code="a">OA</marc:subfield>
            <marc:subfield code="9">loc</marc:subfield>
        </marc:datafield>
        <marc:datafield tag="999" ind1="l" ind2=" ">
            <marc:subfield code=" "/>
            <marc:subfield code="a">OA</marc:subfield>
            <marc:subfield code="9">loc</marc:subfield>
        </marc:datafield>
        <marc:datafield tag="999" ind1="l" ind2=" ">
            <marc:subfield code=" "/>
            <marc:subfield code="a">OA</marc:subfield>
            <marc:subfield code="9">loc</marc:subfield>
        </marc:datafield>
        <marc:datafield tag="999" ind1="l" ind2=" ">
            <marc:subfield code=" "/>
            <marc:subfield code="a">OA</marc:subfield>
            <marc:subfield code="9">loc</marc:subfield>
        </marc:datafield>
        <marc:datafield tag="999" ind1="l" ind2=" ">
            <marc:subfield code=" "/>
            <marc:subfield code="a">OA</marc:subfield>
            <marc:subfield code="9">loc</marc:subfield>
        </marc:datafield>
        <marc:datafield tag="999" ind1="l" ind2=" ">
            <marc:subfield code=" "/>
            <marc:subfield code="a">OA</marc:subfield>
            <marc:subfield code="9">loc</marc:subfield>
        </marc:datafield>
        <marc:datafield tag="999" ind1="l" ind2=" ">
            <marc:subfield code=" "/>
            <marc:subfield code="a">OA</marc:subfield>
            <marc:subfield code="9">loc</marc:subfield>
        </marc:datafield>
        <marc:datafield tag="999" ind1="l" ind2=" ">
            <marc:subfield code=" "/>
            <marc:subfield code="a">OA</marc:subfield>
            <marc:subfield code="9">loc</marc:subfield>
        </marc:datafield>
        <marc:datafield tag="999" ind1="l" ind2=" ">
            <marc:subfield code=" "/>
            <marc:subfield code="a">OA</marc:subfield>
            <marc:subfield code="9">loc</marc:subfield>
        </marc:datafield>
        <marc:datafield tag="999" ind1="l" ind2=" ">
            <marc:subfield code=" "/>
            <marc:subfield code="a">OA</marc:subfield>
            <marc:subfield code="9">loc</marc:subfield>
        </marc:datafield>
        <marc:datafield tag="999" ind1="l" ind2=" ">
            <marc:subfield code=" "/>
            <marc:subfield code="a">OA</marc:subfield>
            <marc:subfield code="9">loc</marc:subfield>
        </marc:datafield>
        <marc:datafield tag="999" ind1="l" ind2=" ">
            <marc:subfield code=" "/>
            <marc:subfield code="a">OA</marc:subfield>
            <marc:subfield code="9">loc</marc:subfield>
        </marc:datafield>
        <marc:datafield tag="999" ind1="l" ind2=" ">
            <marc:subfield code=" "/>
            <marc:subfield code="a">OA</marc:subfield>
            <marc:subfield code="9">loc</marc:subfield>
        </marc:datafield>
    </marc:record>