
    <marc:record>
        <marc:leader>02340cam a2200577 c 4500</marc:leader>
        <marc:controlfield tag="001">998901627194702202</marc:controlfield>
        <marc:controlfield tag="005">20230313080209.0</marc:controlfield>
        <marc:controlfield tag="007">cr||||||||||||</marc:controlfield>
        <marc:controlfield tag="007">ta</marc:controlfield>
        <marc:controlfield tag="008">151001s1989    no#||||j |||||000|1|nob|d</marc:controlfield>
        <marc:datafield tag="014" ind1="1" ind2=" ">
            <marc:subfield code="a">890162719</marc:subfield>
            <marc:subfield code="b">(NO-TrBIB)</marc:subfield>
        </marc:datafield>
        <marc:datafield tag="014" ind1="1" ind2=" ">
            <marc:subfield code="a">890162719</marc:subfield>
            <marc:subfield code="b">(NO-TrBIB)</marc:subfield>
        </marc:datafield>
        <marc:datafield tag="014" ind1="1" ind2=" ">
            <marc:subfield code="a">890162719</marc:subfield>
            <marc:subfield code="b">(NO-TrBIB)</marc:subfield>
        </marc:datafield>
        <marc:datafield tag="015" ind1=" " ind2=" ">
            <marc:subfield code="a">8901351</marc:subfield>
            <marc:subfield code="2">nbf</marc:subfield>
        </marc:datafield>
        <marc:datafield tag="020" ind1=" " ind2=" ">
            <marc:subfield code="a">8240800254</marc:subfield>
            <marc:subfield code="q">ib.</marc:subfield>
            <marc:subfield code="c">Nkr 98.00</marc:subfield>
        </marc:datafield>
        <marc:datafield tag="035" ind1=" " ind2=" ">
            <marc:subfield code="a">(EXLNZ-47BIBSYS_NETWORK)998901627194702201</marc:subfield>
        </marc:datafield>
        <marc:datafield tag="035" ind1=" " ind2=" ">
            <marc:subfield code="a">(NO-TrBIB)131539159</marc:subfield>
        </marc:datafield>
        <marc:datafield tag="035" ind1=" " ind2=" ">
            <marc:subfield code="a">(NO-TrBIB)890162719</marc:subfield>
        </marc:datafield>
        <marc:datafield tag="035" ind1=" " ind2=" ">
            <marc:subfield code="a">08tm25809-47bibsys_nb</marc:subfield>
        </marc:datafield>
        <marc:datafield tag="035" ind1=" " ind2=" ">
            <marc:subfield code="a">09g006591-47bibsys_nb</marc:subfield>
        </marc:datafield>
        <marc:datafield tag="035" ind1=" " ind2=" ">
            <marc:subfield code="a">14g156148-47bibsys_nb</marc:subfield>
        </marc:datafield>
        <marc:datafield tag="035" ind1=" " ind2=" ">
            <marc:subfield code="a">890162719-47bibsys_network</marc:subfield>
        </marc:datafield>
        <marc:datafield tag="040" ind1=" " ind2=" ">
            <marc:subfield code="a">NO-TrBIB</marc:subfield>
            <marc:subfield code="b">nob</marc:subfield>
            <marc:subfield code="e">katreg</marc:subfield>
        </marc:datafield>
        <marc:datafield tag="041" ind1="1" ind2=" ">
            <marc:subfield code="h">swe</marc:subfield>
            <marc:subfield code="h">eng</marc:subfield>
        </marc:datafield>
        <marc:datafield tag="044" ind1=" " ind2=" ">
            <marc:subfield code="c">no</marc:subfield>
        </marc:datafield>
        <marc:datafield tag="082" ind1="7" ind2="4">
            <marc:subfield code="a">813</marc:subfield>
            <marc:subfield code="q">NO-OsNB</marc:subfield>
            <marc:subfield code="2">4/nor</marc:subfield>
        </marc:datafield>
        <marc:datafield tag="084" ind1=" " ind2=" ">
            <marc:subfield code="a">Pf 7</marc:subfield>
            <marc:subfield code="2">ubtkl/2</marc:subfield>
        </marc:datafield>
        <marc:datafield tag="100" ind1="1" ind2=" ">
            <marc:subfield code="a">Bradbury, Ray</marc:subfield>
            <marc:subfield code="d">1920-2012</marc:subfield>
            <marc:subfield code="0">(NO-TrBIB)90083059</marc:subfield>
        </marc:datafield>
        <marc:datafield tag="245" ind1="1" ind2="0">
            <marc:subfield code="a">Gutten som var redd for mørket</marc:subfield>
            <marc:subfield code="c">av Ray Bradbury ; illustrert av Helena M. Henschen ; oversatt av Dag Lønsjø</marc:subfield>
        </marc:datafield>
        <marc:datafield tag="246" ind1="1" ind2=" ">
            <marc:subfield code="a">Switch on the night</marc:subfield>
            <marc:subfield code="i">Originaltittel</marc:subfield>
        </marc:datafield>
        <marc:datafield tag="260" ind1=" " ind2=" ">
            <marc:subfield code="a">[Oslo]</marc:subfield>
            <marc:subfield code="b">Cesam media</marc:subfield>
            <marc:subfield code="c">1989</marc:subfield>
        </marc:datafield>
        <marc:datafield tag="300" ind1=" " ind2=" ">
            <marc:subfield code="a">[32] s.</marc:subfield>
            <marc:subfield code="b">ill.</marc:subfield>
            <marc:subfield code="c">27 cm</marc:subfield>
        </marc:datafield>
        <marc:datafield tag="500" ind1=" " ind2=" ">
            <marc:subfield code="a">Oversatt etter: Pojken som blev vän med mörkret</marc:subfield>
        </marc:datafield>
        <marc:datafield tag="533" ind1=" " ind2=" ">
            <marc:subfield code="a">Elektronisk reproduksjon</marc:subfield>
            <marc:subfield code="b">[Norge]</marc:subfield>
            <marc:subfield code="c">Nasjonalbiblioteket Digital</marc:subfield>
            <marc:subfield code="d">2013-05-04</marc:subfield>
        </marc:datafield>
        <marc:datafield tag="653" ind1=" " ind2=" ">
            <marc:subfield code="a">billedbok</marc:subfield>
            <marc:subfield code="a">skjønnlitteratur</marc:subfield>
            <marc:subfield code="a">barnebok</marc:subfield>
            <marc:subfield code="a">billedbøker</marc:subfield>
            <marc:subfield code="a">angst</marc:subfield>
            <marc:subfield code="a">mørkeredsel</marc:subfield>
            <marc:subfield code="a">barn</marc:subfield>
        </marc:datafield>
        <marc:datafield tag="700" ind1="1" ind2=" ">
            <marc:subfield code="a">Henschen, Helena M.,</marc:subfield>
            <marc:subfield code="e">illustr.</marc:subfield>
            <marc:subfield code="4">ill</marc:subfield>
            <marc:subfield code="0">(NO-TrBIB)90389121</marc:subfield>
        </marc:datafield>
        <marc:datafield tag="700" ind1="1" ind2=" ">
            <marc:subfield code="a">Lønsjø, Dag</marc:subfield>
            <marc:subfield code="d">1954-</marc:subfield>
            <marc:subfield code="4">trl</marc:subfield>
            <marc:subfield code="0">(NO-TrBIB)90352527</marc:subfield>
        </marc:datafield>
        <marc:datafield tag="852" ind1="8" ind2=" ">
            <marc:subfield code="b">0030100</marc:subfield>
            <marc:subfield code="c">g00005</marc:subfield>
            <marc:subfield code="h">NA/A 1989:5401</marc:subfield>
        </marc:datafield>
        <marc:datafield tag="852" ind1="8" ind2=" ">
            <marc:subfield code="b">0030100</marc:subfield>
            <marc:subfield code="c">g00048</marc:subfield>
            <marc:subfield code="h">bl Bra</marc:subfield>
            <marc:subfield code="t">1</marc:subfield>
        </marc:datafield>
        <marc:datafield tag="852" ind1="8" ind2=" ">
            <marc:subfield code="b">0183334</marc:subfield>
            <marc:subfield code="c">g00001</marc:subfield>
            <marc:subfield code="h">b</marc:subfield>
        </marc:datafield>
        <marc:datafield tag="856" ind1="4" ind2="0">
            <marc:subfield code="3"/>
            <marc:subfield code="y">NB Digital</marc:subfield>
            <marc:subfield code="u">http://urn.nb.no/URN:NBN:no-nb_digibok_2013022738018</marc:subfield>
            <marc:subfield code="z"/>
        </marc:datafield>
        <marc:datafield tag="856" ind1="4" ind2="1">
            <marc:subfield code="3">Fulltekst</marc:subfield>
            <marc:subfield code="u">https://urn.nb.no/URN:NBN:no-nb_digibok_2013022738018</marc:subfield>
            <marc:subfield code="y">Nettbiblioteket</marc:subfield>
            <marc:subfield code="z">Digital representasjon</marc:subfield>
        </marc:datafield>
        <marc:datafield tag="856" ind1="4" ind2="2">
            <marc:subfield code="3">Forlagets beskrivelse (lang)</marc:subfield>
            <marc:subfield code="u">https://contents.bibs.aws.unit.no/?isbn=8240800254</marc:subfield>
        </marc:datafield>
        <marc:datafield tag="859" ind1=" " ind2=" ">
            <marc:subfield code="a">0030100</marc:subfield>
            <marc:subfield code="b">g00005</marc:subfield>
            <marc:subfield code="c">NA/A 1989:5401</marc:subfield>
            <marc:subfield code="f">0</marc:subfield>
            <marc:subfield code="h">0</marc:subfield>
            <marc:subfield code="x">2015-10-31</marc:subfield>
        </marc:datafield>
        <marc:datafield tag="859" ind1=" " ind2=" ">
            <marc:subfield code="a">0030100</marc:subfield>
            <marc:subfield code="b">g00048</marc:subfield>
            <marc:subfield code="c">bl Bra</marc:subfield>
            <marc:subfield code="f">0</marc:subfield>
            <marc:subfield code="h">0</marc:subfield>
            <marc:subfield code="x">2015-10-31</marc:subfield>
        </marc:datafield>
        <marc:datafield tag="859" ind1=" " ind2=" ">
            <marc:subfield code="a">0183334</marc:subfield>
            <marc:subfield code="b">g00001</marc:subfield>
            <marc:subfield code="c">b</marc:subfield>
            <marc:subfield code="f">0</marc:subfield>
            <marc:subfield code="h">0</marc:subfield>
            <marc:subfield code="x">2015-10-31</marc:subfield>
        </marc:datafield>
        <marc:datafield tag="876" ind1=" " ind2=" ">
            <marc:subfield code="a">08tm25809</marc:subfield>
            <marc:subfield code="j">kat</marc:subfield>
            <marc:subfield code="p">08tm25809</marc:subfield>
            <marc:subfield code="r">08tm25809</marc:subfield>
            <marc:subfield code="w">BOOK</marc:subfield>
        </marc:datafield>
        <marc:datafield tag="876" ind1=" " ind2=" ">
            <marc:subfield code="a">09g006591</marc:subfield>
            <marc:subfield code="j">mini</marc:subfield>
            <marc:subfield code="p">09g006591</marc:subfield>
            <marc:subfield code="r">09g006591</marc:subfield>
            <marc:subfield code="w">BOOK</marc:subfield>
        </marc:datafield>
        <marc:datafield tag="876" ind1=" " ind2=" ">
            <marc:subfield code="a">14g156148</marc:subfield>
            <marc:subfield code="j">kat</marc:subfield>
            <marc:subfield code="p">14g156148</marc:subfield>
            <marc:subfield code="r">14g156148</marc:subfield>
            <marc:subfield code="w">BOOK</marc:subfield>
        </marc:datafield>
        <marc:datafield tag="901" ind1=" " ind2=" ">
            <marc:subfield code="a">80</marc:subfield>
        </marc:datafield>
        <marc:datafield tag="913" ind1=" " ind2=" ">
            <marc:subfield code="a">Norbok</marc:subfield>
            <marc:subfield code="b">NB</marc:subfield>
        </marc:datafield>
    </marc:record>