
    <marc:record>
        <marc:leader>04581cam a2200973 c 4500</marc:leader>
        <marc:controlfield tag="001">999003211804702202</marc:controlfield>
        <marc:controlfield tag="005">20230312141204.0</marc:controlfield>
        <marc:controlfield tag="007">cr||||||||||||</marc:controlfield>
        <marc:controlfield tag="007">ta</marc:controlfield>
        <marc:controlfield tag="008">150707s1989    no#||||j |||||000|1|nob|d</marc:controlfield>
        <marc:datafield tag="014" ind1="1" ind2=" ">
            <marc:subfield code="a">900321180</marc:subfield>
            <marc:subfield code="b">(NO-TrBIB)</marc:subfield>
        </marc:datafield>
        <marc:datafield tag="014" ind1="1" ind2=" ">
            <marc:subfield code="a">900321180</marc:subfield>
            <marc:subfield code="b">(NO-TrBIB)</marc:subfield>
        </marc:datafield>
        <marc:datafield tag="014" ind1="1" ind2=" ">
            <marc:subfield code="a">900321180</marc:subfield>
            <marc:subfield code="b">(NO-TrBIB)</marc:subfield>
        </marc:datafield>
        <marc:datafield tag="014" ind1="1" ind2=" ">
            <marc:subfield code="a">900321180</marc:subfield>
            <marc:subfield code="b">(NO-TrBIB)</marc:subfield>
        </marc:datafield>
        <marc:datafield tag="015" ind1=" " ind2=" ">
            <marc:subfield code="a">8902658</marc:subfield>
            <marc:subfield code="2">nbf</marc:subfield>
        </marc:datafield>
        <marc:datafield tag="015" ind1=" " ind2=" ">
            <marc:subfield code="a">9000177</marc:subfield>
            <marc:subfield code="2">nbf</marc:subfield>
        </marc:datafield>
        <marc:datafield tag="020" ind1=" " ind2=" ">
            <marc:subfield code="a">8202120802</marc:subfield>
            <marc:subfield code="q">ib.</marc:subfield>
            <marc:subfield code="c">Nkr 124.00</marc:subfield>
        </marc:datafield>
        <marc:datafield tag="020" ind1=" " ind2=" ">
            <marc:subfield code="a">8252517145</marc:subfield>
            <marc:subfield code="q">Ungdomsbokklubben</marc:subfield>
            <marc:subfield code="q">ib.</marc:subfield>
            <marc:subfield code="c">Ikke i bokhandelen</marc:subfield>
        </marc:datafield>
        <marc:datafield tag="035" ind1=" " ind2=" ">
            <marc:subfield code="a">(EXLNZ-47BIBSYS_NETWORK)999003211804702201</marc:subfield>
        </marc:datafield>
        <marc:datafield tag="035" ind1=" " ind2=" ">
            <marc:subfield code="a">(NO-TrBIB)143176730</marc:subfield>
        </marc:datafield>
        <marc:datafield tag="035" ind1=" " ind2=" ">
            <marc:subfield code="a">(NO-TrBIB)900321180</marc:subfield>
        </marc:datafield>
        <marc:datafield tag="035" ind1=" " ind2=" ">
            <marc:subfield code="a">08tm34317-47bibsys_nb</marc:subfield>
        </marc:datafield>
        <marc:datafield tag="035" ind1=" " ind2=" ">
            <marc:subfield code="a">09g007563-47bibsys_nb</marc:subfield>
        </marc:datafield>
        <marc:datafield tag="035" ind1=" " ind2=" ">
            <marc:subfield code="a">14g157202-47bibsys_nb</marc:subfield>
        </marc:datafield>
        <marc:datafield tag="035" ind1=" " ind2=" ">
            <marc:subfield code="a">14g157203-47bibsys_nb</marc:subfield>
        </marc:datafield>
        <marc:datafield tag="035" ind1=" " ind2=" ">
            <marc:subfield code="a">900321180-47bibsys_network</marc:subfield>
        </marc:datafield>
        <marc:datafield tag="040" ind1=" " ind2=" ">
            <marc:subfield code="a">NO-TrBIB</marc:subfield>
            <marc:subfield code="b">nob</marc:subfield>
            <marc:subfield code="e">katreg</marc:subfield>
        </marc:datafield>
        <marc:datafield tag="041" ind1="1" ind2=" ">
            <marc:subfield code="h">swe</marc:subfield>
        </marc:datafield>
        <marc:datafield tag="044" ind1=" " ind2=" ">
            <marc:subfield code="c">no</marc:subfield>
        </marc:datafield>
        <marc:datafield tag="082" ind1="7" ind2="4">
            <marc:subfield code="a">808.83</marc:subfield>
            <marc:subfield code="q">NO-OsNB</marc:subfield>
            <marc:subfield code="2">4/nor</marc:subfield>
        </marc:datafield>
        <marc:datafield tag="245" ind1="0" ind2="0">
            <marc:subfield code="a">Spøkelsestimen :</marc:subfield>
            <marc:subfield code="b">&quot;Likkistesnekkeren&quot; og andre grøssere</marc:subfield>
            <marc:subfield code="c">Barbro Werkmäster (red.) ; oversatt av Jón Sveinbjørn Jónsson</marc:subfield>
        </marc:datafield>
        <marc:datafield tag="246" ind1="1" ind2=" ">
            <marc:subfield code="a">Nya spöktimmen.</marc:subfield>
            <marc:subfield code="i">Originaltittel</marc:subfield>
        </marc:datafield>
        <marc:datafield tag="260" ind1=" " ind2=" ">
            <marc:subfield code="a">[Oslo]</marc:subfield>
            <marc:subfield code="b">Cappelen</marc:subfield>
            <marc:subfield code="c">1989</marc:subfield>
        </marc:datafield>
        <marc:datafield tag="300" ind1=" " ind2=" ">
            <marc:subfield code="a">184 s.</marc:subfield>
            <marc:subfield code="b">ill.</marc:subfield>
            <marc:subfield code="c">24 cm</marc:subfield>
        </marc:datafield>
        <marc:datafield tag="533" ind1=" " ind2=" ">
            <marc:subfield code="a">Elektronisk reproduksjon</marc:subfield>
            <marc:subfield code="b">[Norge]</marc:subfield>
            <marc:subfield code="c">Nasjonalbiblioteket Digital</marc:subfield>
            <marc:subfield code="d">2014-08-13</marc:subfield>
        </marc:datafield>
        <marc:datafield tag="653" ind1=" " ind2=" ">
            <marc:subfield code="a">spøkelseshistorier</marc:subfield>
            <marc:subfield code="a">barnebok</marc:subfield>
            <marc:subfield code="a">spenning</marc:subfield>
            <marc:subfield code="a">skjønnlitteratur</marc:subfield>
            <marc:subfield code="a">barnebøker</marc:subfield>
            <marc:subfield code="a">eventyrskikkelser</marc:subfield>
            <marc:subfield code="a">spøkelser</marc:subfield>
        </marc:datafield>
        <marc:datafield tag="700" ind1="1" ind2=" ">
            <marc:subfield code="a">Jónsson, Jón Sveinbjørn</marc:subfield>
            <marc:subfield code="d">1955-2008</marc:subfield>
            <marc:subfield code="0">(NO-TrBIB)90113227</marc:subfield>
            <marc:subfield code="4">trl</marc:subfield>
        </marc:datafield>
        <marc:datafield tag="700" ind1="1" ind2=" ">
            <marc:subfield code="a">Werkmäster, Barbro</marc:subfield>
            <marc:subfield code="d">1932-</marc:subfield>
            <marc:subfield code="0">(NO-TrBIB)90371161</marc:subfield>
        </marc:datafield>
        <marc:datafield tag="700" ind1="1" ind2=" ">
            <marc:subfield code="a">Werkmäster, Barbro</marc:subfield>
            <marc:subfield code="d">1932-</marc:subfield>
            <marc:subfield code="e">red.</marc:subfield>
            <marc:subfield code="0">(NO-TrBIB)90371161</marc:subfield>
            <marc:subfield code="4">edt</marc:subfield>
        </marc:datafield>
        <marc:datafield tag="700" ind1="1" ind2="2">
            <marc:subfield code="a">Asbjørnsen, P. Chr.</marc:subfield>
            <marc:subfield code="d">1812-1885</marc:subfield>
            <marc:subfield code="q">(Peter Christen)</marc:subfield>
            <marc:subfield code="t">Fra &quot;En gammeldags julaften&quot;</marc:subfield>
            <marc:subfield code="0">(NO-TrBIB)90060686</marc:subfield>
        </marc:datafield>
        <marc:datafield tag="700" ind1="1" ind2="2">
            <marc:subfield code="a">Asbjørnsen, P. Chr.</marc:subfield>
            <marc:subfield code="d">1812-1885</marc:subfield>
            <marc:subfield code="q">(Peter Christen)</marc:subfield>
            <marc:subfield code="t">Venner i liv og død</marc:subfield>
            <marc:subfield code="0">(NO-TrBIB)90060686</marc:subfield>
        </marc:datafield>
        <marc:datafield tag="700" ind1="1" ind2="2">
            <marc:subfield code="a">Bierce, Ambrose</marc:subfield>
            <marc:subfield code="d">182-1914</marc:subfield>
            <marc:subfield code="t">John Bartines ur</marc:subfield>
            <marc:subfield code="0">(NO-TrBIB)90187130</marc:subfield>
        </marc:datafield>
        <marc:datafield tag="700" ind1="1" ind2="2">
            <marc:subfield code="a">Bradbury, Ray</marc:subfield>
            <marc:subfield code="d">1920-2012</marc:subfield>
            <marc:subfield code="t">Mannen ovenpå</marc:subfield>
            <marc:subfield code="0">(NO-TrBIB)90083059</marc:subfield>
        </marc:datafield>
        <marc:datafield tag="700" ind1="1" ind2="2">
            <marc:subfield code="a">Cecil, Henry</marc:subfield>
            <marc:subfield code="t">Bevis</marc:subfield>
            <marc:subfield code="0">(NO-TrBIB)90321543</marc:subfield>
        </marc:datafield>
        <marc:datafield tag="700" ind1="1" ind2="2">
            <marc:subfield code="a">De Maupassant, Guy</marc:subfield>
            <marc:subfield code="t">Hånden</marc:subfield>
            <marc:subfield code="0">(NO-TrBIB)10051997</marc:subfield>
        </marc:datafield>
        <marc:datafield tag="700" ind1="1" ind2="2">
            <marc:subfield code="a">Dickens, Charles</marc:subfield>
            <marc:subfield code="d">1812-1870</marc:subfield>
            <marc:subfield code="t">Banevokteren</marc:subfield>
            <marc:subfield code="0">(NO-TrBIB)90051428</marc:subfield>
        </marc:datafield>
        <marc:datafield tag="700" ind1="1" ind2="2">
            <marc:subfield code="a">Doyle, Arthur Conan</marc:subfield>
            <marc:subfield code="d">1859-1930</marc:subfield>
            <marc:subfield code="t">Den brune hånden</marc:subfield>
            <marc:subfield code="0">(NO-TrBIB)90059591</marc:subfield>
        </marc:datafield>
        <marc:datafield tag="700" ind1="1" ind2="2">
            <marc:subfield code="a">Elmgren, Elils</marc:subfield>
            <marc:subfield code="t">&quot;Jeg er ikke død&quot;</marc:subfield>
            <marc:subfield code="0">(NO-TrBIB)10052379</marc:subfield>
        </marc:datafield>
        <marc:datafield tag="700" ind1="1" ind2="2">
            <marc:subfield code="a">Hamsun, Knut</marc:subfield>
            <marc:subfield code="d">1859-1952</marc:subfield>
            <marc:subfield code="t">Et spøkelse</marc:subfield>
            <marc:subfield code="0">(NO-TrBIB)90052521</marc:subfield>
        </marc:datafield>
        <marc:datafield tag="700" ind1="1" ind2="2">
            <marc:subfield code="a">Hofberg, Herman</marc:subfield>
            <marc:subfield code="t">Mylingen</marc:subfield>
            <marc:subfield code="0">(NO-TrBIB)90233406</marc:subfield>
        </marc:datafield>
        <marc:datafield tag="700" ind1="1" ind2="2">
            <marc:subfield code="a">Jaeger, Frank</marc:subfield>
            <marc:subfield code="t">Presten i Herløw</marc:subfield>
            <marc:subfield code="0">(NO-TrBIB)10054611</marc:subfield>
        </marc:datafield>
        <marc:datafield tag="700" ind1="1" ind2="2">
            <marc:subfield code="a">Lagerlöf, Selma</marc:subfield>
            <marc:subfield code="d">1858-1940</marc:subfield>
            <marc:subfield code="t">Nissen på Töreby</marc:subfield>
            <marc:subfield code="0">(NO-TrBIB)90060370</marc:subfield>
        </marc:datafield>
        <marc:datafield tag="700" ind1="1" ind2="2">
            <marc:subfield code="a">Lundgren, Max</marc:subfield>
            <marc:subfield code="d">1937-2005</marc:subfield>
            <marc:subfield code="t">Møtet med den grå mannen</marc:subfield>
            <marc:subfield code="0">(NO-TrBIB)90131708</marc:subfield>
        </marc:datafield>
        <marc:datafield tag="700" ind1="1" ind2="2">
            <marc:subfield code="a">Middelton, Richard Barham</marc:subfield>
            <marc:subfield code="t">Spøkelsesskipet</marc:subfield>
            <marc:subfield code="0">(NO-TrBIB)10056656</marc:subfield>
        </marc:datafield>
        <marc:datafield tag="700" ind1="1" ind2="2">
            <marc:subfield code="a">Moe, Jørgen</marc:subfield>
            <marc:subfield code="d">1813-1882</marc:subfield>
            <marc:subfield code="t">Fra &quot;En gammeldags julaften&quot;</marc:subfield>
            <marc:subfield code="0">(NO-TrBIB)90053857</marc:subfield>
        </marc:datafield>
        <marc:datafield tag="700" ind1="1" ind2="2">
            <marc:subfield code="a">Moe, Jørgen</marc:subfield>
            <marc:subfield code="d">1813-1882</marc:subfield>
            <marc:subfield code="t">Venner i liv og død</marc:subfield>
            <marc:subfield code="0">(NO-TrBIB)90053857</marc:subfield>
        </marc:datafield>
        <marc:datafield tag="700" ind1="1" ind2="2">
            <marc:subfield code="a">Munroe, H. H.</marc:subfield>
            <marc:subfield code="t">Det åpne vinduet</marc:subfield>
            <marc:subfield code="0">(NO-TrBIB)10056910</marc:subfield>
        </marc:datafield>
        <marc:datafield tag="700" ind1="1" ind2="2">
            <marc:subfield code="a">Munroe, H. H.</marc:subfield>
            <marc:subfield code="t">Gabriel-Ernest</marc:subfield>
            <marc:subfield code="0">(NO-TrBIB)10056910</marc:subfield>
        </marc:datafield>
        <marc:datafield tag="700" ind1="1" ind2="2">
            <marc:subfield code="a">Nihlén, John</marc:subfield>
            <marc:subfield code="t">Den leende steinstøtten</marc:subfield>
            <marc:subfield code="0">(NO-TrBIB)90073544</marc:subfield>
        </marc:datafield>
        <marc:datafield tag="700" ind1="1" ind2="2">
            <marc:subfield code="a">Poe, Edgar Allan</marc:subfield>
            <marc:subfield code="d">1809-1849</marc:subfield>
            <marc:subfield code="t">Metzengerstein</marc:subfield>
            <marc:subfield code="0">(NO-TrBIB)90081220</marc:subfield>
        </marc:datafield>
        <marc:datafield tag="700" ind1="1" ind2="2">
            <marc:subfield code="a">Twain, Mark</marc:subfield>
            <marc:subfield code="d">1835-1910</marc:subfield>
            <marc:subfield code="t">En spøkelseshistorie</marc:subfield>
            <marc:subfield code="0">(NO-TrBIB)90056487</marc:subfield>
        </marc:datafield>
        <marc:datafield tag="740" ind1="0" ind2=" ">
            <marc:subfield code="a">Gullbeinet</marc:subfield>
        </marc:datafield>
        <marc:datafield tag="740" ind1="0" ind2=" ">
            <marc:subfield code="a">Hans og husbonden hans</marc:subfield>
        </marc:datafield>
        <marc:datafield tag="740" ind1="0" ind2=" ">
            <marc:subfield code="a">Molly Dixon er død</marc:subfield>
        </marc:datafield>
        <marc:datafield tag="740" ind1="0" ind2=" ">
            <marc:subfield code="a">Ringen</marc:subfield>
        </marc:datafield>
        <marc:datafield tag="740" ind1="3" ind2=" ">
            <marc:subfield code="a">Et spøkelsesmåltid</marc:subfield>
        </marc:datafield>
        <marc:datafield tag="740" ind1="4" ind2=" ">
            <marc:subfield code="a">Den hodeløse rytteren</marc:subfield>
        </marc:datafield>
        <marc:datafield tag="852" ind1="8" ind2=" ">
            <marc:subfield code="b">0030100</marc:subfield>
            <marc:subfield code="c">g00005</marc:subfield>
            <marc:subfield code="h">NA/A 1990:205</marc:subfield>
        </marc:datafield>
        <marc:datafield tag="852" ind1="8" ind2=" ">
            <marc:subfield code="b">0030100</marc:subfield>
            <marc:subfield code="c">g00005</marc:subfield>
            <marc:subfield code="h">NA/A 1990:206</marc:subfield>
        </marc:datafield>
        <marc:datafield tag="852" ind1="8" ind2=" ">
            <marc:subfield code="b">0030100</marc:subfield>
            <marc:subfield code="c">g00048</marc:subfield>
            <marc:subfield code="h">an Spø</marc:subfield>
            <marc:subfield code="t">1</marc:subfield>
        </marc:datafield>
        <marc:datafield tag="852" ind1="8" ind2=" ">
            <marc:subfield code="b">0183334</marc:subfield>
            <marc:subfield code="c">g00001</marc:subfield>
            <marc:subfield code="h">b</marc:subfield>
        </marc:datafield>
        <marc:datafield tag="856" ind1="4" ind2="0">
            <marc:subfield code="3"/>
            <marc:subfield code="y">NB Digital</marc:subfield>
            <marc:subfield code="u">http://urn.nb.no/URN:NBN:no-nb_digibok_2014072108217</marc:subfield>
            <marc:subfield code="z"/>
        </marc:datafield>
        <marc:datafield tag="856" ind1="4" ind2="1">
            <marc:subfield code="3">Fulltekst</marc:subfield>
            <marc:subfield code="u">https://urn.nb.no/URN:NBN:no-nb_digibok_2014072108217</marc:subfield>
            <marc:subfield code="y">Nettbiblioteket</marc:subfield>
            <marc:subfield code="z">Digital representasjon</marc:subfield>
        </marc:datafield>
        <marc:datafield tag="856" ind1="4" ind2="2">
            <marc:subfield code="3">Forlagets beskrivelse (lang)</marc:subfield>
            <marc:subfield code="u">https://contents.bibs.aws.unit.no/?isbn=8202120802</marc:subfield>
        </marc:datafield>
        <marc:datafield tag="859" ind1=" " ind2=" ">
            <marc:subfield code="a">0030100</marc:subfield>
            <marc:subfield code="b">g00005</marc:subfield>
            <marc:subfield code="c">NA/A 1990:205</marc:subfield>
            <marc:subfield code="f">0</marc:subfield>
            <marc:subfield code="h">0</marc:subfield>
            <marc:subfield code="x">2015-10-31</marc:subfield>
        </marc:datafield>
        <marc:datafield tag="859" ind1=" " ind2=" ">
            <marc:subfield code="a">0030100</marc:subfield>
            <marc:subfield code="b">g00005</marc:subfield>
            <marc:subfield code="c">NA/A 1990:206</marc:subfield>
            <marc:subfield code="f">0</marc:subfield>
            <marc:subfield code="h">0</marc:subfield>
            <marc:subfield code="x">2015-10-31</marc:subfield>
        </marc:datafield>
        <marc:datafield tag="859" ind1=" " ind2=" ">
            <marc:subfield code="a">0030100</marc:subfield>
            <marc:subfield code="b">g00048</marc:subfield>
            <marc:subfield code="c">an Spø</marc:subfield>
            <marc:subfield code="f">0</marc:subfield>
            <marc:subfield code="h">0</marc:subfield>
            <marc:subfield code="x">2015-10-31</marc:subfield>
        </marc:datafield>
        <marc:datafield tag="859" ind1=" " ind2=" ">
            <marc:subfield code="a">0183334</marc:subfield>
            <marc:subfield code="b">g00001</marc:subfield>
            <marc:subfield code="c">b</marc:subfield>
            <marc:subfield code="f">0</marc:subfield>
            <marc:subfield code="h">0</marc:subfield>
            <marc:subfield code="x">2015-10-31</marc:subfield>
        </marc:datafield>
        <marc:datafield tag="876" ind1=" " ind2=" ">
            <marc:subfield code="a">08tm34317</marc:subfield>
            <marc:subfield code="j">kat</marc:subfield>
            <marc:subfield code="p">08tm34317</marc:subfield>
            <marc:subfield code="r">08tm34317</marc:subfield>
            <marc:subfield code="w">BOOK</marc:subfield>
        </marc:datafield>
        <marc:datafield tag="876" ind1=" " ind2=" ">
            <marc:subfield code="a">09g007563</marc:subfield>
            <marc:subfield code="j">mini</marc:subfield>
            <marc:subfield code="p">09g007563</marc:subfield>
            <marc:subfield code="r">09g007563</marc:subfield>
            <marc:subfield code="w">BOOK</marc:subfield>
        </marc:datafield>
        <marc:datafield tag="876" ind1=" " ind2=" ">
            <marc:subfield code="a">14g157202</marc:subfield>
            <marc:subfield code="j">kat</marc:subfield>
            <marc:subfield code="p">14g157202</marc:subfield>
            <marc:subfield code="r">14g157202</marc:subfield>
            <marc:subfield code="w">BOOK</marc:subfield>
        </marc:datafield>
        <marc:datafield tag="876" ind1=" " ind2=" ">
            <marc:subfield code="a">14g157203</marc:subfield>
            <marc:subfield code="j">kat</marc:subfield>
            <marc:subfield code="p">14g157203</marc:subfield>
            <marc:subfield code="r">14g157203</marc:subfield>
            <marc:subfield code="w">BOOK</marc:subfield>
        </marc:datafield>
        <marc:datafield tag="901" ind1=" " ind2=" ">
            <marc:subfield code="a">80</marc:subfield>
        </marc:datafield>
        <marc:datafield tag="913" ind1=" " ind2=" ">
            <marc:subfield code="a">Norbok</marc:subfield>
            <marc:subfield code="b">NB</marc:subfield>
        </marc:datafield>
    </marc:record>