
    <marc:record>
        <marc:leader>01787cam a2200505 c 4500</marc:leader>
        <marc:controlfield tag="001">999104521994702202</marc:controlfield>
        <marc:controlfield tag="005">20230312164836.0</marc:controlfield>
        <marc:controlfield tag="007">cr||||||||||||</marc:controlfield>
        <marc:controlfield tag="007">ta</marc:controlfield>
        <marc:controlfield tag="008">140325s1966    no ||||| |||||000|1|nob| </marc:controlfield>
        <marc:datafield tag="014" ind1="1" ind2=" ">
            <marc:subfield code="a">910452199</marc:subfield>
            <marc:subfield code="b">(NO-TrBIB)</marc:subfield>
        </marc:datafield>
        <marc:datafield tag="014" ind1="1" ind2=" ">
            <marc:subfield code="a">910452199</marc:subfield>
            <marc:subfield code="b">(NO-TrBIB)</marc:subfield>
        </marc:datafield>
        <marc:datafield tag="015" ind1=" " ind2=" ">
            <marc:subfield code="a">6700579</marc:subfield>
            <marc:subfield code="2">nbf</marc:subfield>
        </marc:datafield>
        <marc:datafield tag="020" ind1=" " ind2=" ">
            <marc:subfield code="c">Nkr 12.50</marc:subfield>
        </marc:datafield>
        <marc:datafield tag="035" ind1=" " ind2=" ">
            <marc:subfield code="a">(EXLNZ-47BIBSYS_NETWORK)999104521994702201</marc:subfield>
        </marc:datafield>
        <marc:datafield tag="035" ind1=" " ind2=" ">
            <marc:subfield code="a">(NO-TrBIB)102387591</marc:subfield>
        </marc:datafield>
        <marc:datafield tag="035" ind1=" " ind2=" ">
            <marc:subfield code="a">(NO-TrBIB)910452199</marc:subfield>
        </marc:datafield>
        <marc:datafield tag="035" ind1=" " ind2=" ">
            <marc:subfield code="a">61gn13003-47bibsys_nb</marc:subfield>
        </marc:datafield>
        <marc:datafield tag="035" ind1=" " ind2=" ">
            <marc:subfield code="a">85ga12270-47bibsys_nb</marc:subfield>
        </marc:datafield>
        <marc:datafield tag="035" ind1=" " ind2=" ">
            <marc:subfield code="a">910452199-47bibsys_network</marc:subfield>
        </marc:datafield>
        <marc:datafield tag="040" ind1=" " ind2=" ">
            <marc:subfield code="a">NO-OsNB</marc:subfield>
            <marc:subfield code="b">nob</marc:subfield>
            <marc:subfield code="e">katreg</marc:subfield>
        </marc:datafield>
        <marc:datafield tag="041" ind1="1" ind2=" ">
            <marc:subfield code="h">eng</marc:subfield>
        </marc:datafield>
        <marc:datafield tag="044" ind1=" " ind2=" ">
            <marc:subfield code="c">no</marc:subfield>
        </marc:datafield>
        <marc:datafield tag="082" ind1="7" ind2="4">
            <marc:subfield code="a">813</marc:subfield>
            <marc:subfield code="q">NO-OsNB</marc:subfield>
            <marc:subfield code="2">2/nor</marc:subfield>
        </marc:datafield>
        <marc:datafield tag="100" ind1="1" ind2=" ">
            <marc:subfield code="a">Bradbury, Ray</marc:subfield>
            <marc:subfield code="d">1920-2012</marc:subfield>
            <marc:subfield code="0">(NO-TrBIB)90083059</marc:subfield>
        </marc:datafield>
        <marc:datafield tag="245" ind1="1" ind2="0">
            <marc:subfield code="a">Fahrenheit 451</marc:subfield>
            <marc:subfield code="c">Ray  Bradbury ; [oversatt av Per Malde og Torstein Bugge Høverstad]</marc:subfield>
        </marc:datafield>
        <marc:datafield tag="246" ind1="1" ind2=" ">
            <marc:subfield code="a">Fahrenheit 451</marc:subfield>
            <marc:subfield code="i">Originaltittel</marc:subfield>
        </marc:datafield>
        <marc:datafield tag="260" ind1=" " ind2=" ">
            <marc:subfield code="a">Oslo</marc:subfield>
            <marc:subfield code="b">Pax</marc:subfield>
            <marc:subfield code="c">c1966</marc:subfield>
        </marc:datafield>
        <marc:datafield tag="300" ind1=" " ind2=" ">
            <marc:subfield code="a">171 s.</marc:subfield>
        </marc:datafield>
        <marc:datafield tag="490" ind1="1" ind2=" ">
            <marc:subfield code="a">Pax-bøkene</marc:subfield>
        </marc:datafield>
        <marc:datafield tag="533" ind1=" " ind2=" ">
            <marc:subfield code="a">Elektronisk reproduksjon</marc:subfield>
            <marc:subfield code="b">[Norge]</marc:subfield>
            <marc:subfield code="c">Nasjonalbiblioteket Digital</marc:subfield>
            <marc:subfield code="d">2010-10-30</marc:subfield>
        </marc:datafield>
        <marc:datafield tag="700" ind1="1" ind2=" ">
            <marc:subfield code="a">Høverstad, Torstein Bugge</marc:subfield>
            <marc:subfield code="4">trl</marc:subfield>
        </marc:datafield>
        <marc:datafield tag="700" ind1="1" ind2=" ">
            <marc:subfield code="a">Malde, Per</marc:subfield>
            <marc:subfield code="4">trl</marc:subfield>
        </marc:datafield>
        <marc:datafield tag="830" ind1=" " ind2="0">
            <marc:subfield code="a">Pax-bøkene</marc:subfield>
        </marc:datafield>
        <marc:datafield tag="852" ind1="8" ind2=" ">
            <marc:subfield code="b">0030100</marc:subfield>
            <marc:subfield code="c">g00005</marc:subfield>
            <marc:subfield code="h">NA/A q 4196</marc:subfield>
        </marc:datafield>
        <marc:datafield tag="852" ind1="8" ind2=" ">
            <marc:subfield code="b">0030100</marc:subfield>
            <marc:subfield code="c">g00005</marc:subfield>
            <marc:subfield code="h">NA/A q 6304</marc:subfield>
        </marc:datafield>
        <marc:datafield tag="852" ind1="8" ind2=" ">
            <marc:subfield code="b">0183334</marc:subfield>
            <marc:subfield code="c">g00001</marc:subfield>
        </marc:datafield>
        <marc:datafield tag="856" ind1="4" ind2="0">
            <marc:subfield code="3"/>
            <marc:subfield code="y">NB Digital</marc:subfield>
            <marc:subfield code="u">http://urn.nb.no/URN:NBN:no-nb_digibok_2007052204016</marc:subfield>
            <marc:subfield code="z"/>
        </marc:datafield>
        <marc:datafield tag="856" ind1="4" ind2="1">
            <marc:subfield code="3">Fulltekst</marc:subfield>
            <marc:subfield code="u">https://urn.nb.no/URN:NBN:no-nb_digibok_2007052204016</marc:subfield>
            <marc:subfield code="y">Nettbiblioteket</marc:subfield>
            <marc:subfield code="z">Digital representasjon</marc:subfield>
        </marc:datafield>
        <marc:datafield tag="859" ind1=" " ind2=" ">
            <marc:subfield code="a">0030100</marc:subfield>
            <marc:subfield code="b">g00005</marc:subfield>
            <marc:subfield code="c">NA/A q 4196</marc:subfield>
            <marc:subfield code="f">0</marc:subfield>
            <marc:subfield code="h">0</marc:subfield>
            <marc:subfield code="x">2015-10-31</marc:subfield>
        </marc:datafield>
        <marc:datafield tag="859" ind1=" " ind2=" ">
            <marc:subfield code="a">0030100</marc:subfield>
            <marc:subfield code="b">g00005</marc:subfield>
            <marc:subfield code="c">NA/A q 6304</marc:subfield>
            <marc:subfield code="f">0</marc:subfield>
            <marc:subfield code="h">0</marc:subfield>
            <marc:subfield code="x">2015-10-31</marc:subfield>
        </marc:datafield>
        <marc:datafield tag="876" ind1=" " ind2=" ">
            <marc:subfield code="a">61gn13003</marc:subfield>
            <marc:subfield code="j">konv</marc:subfield>
            <marc:subfield code="p">61gn13003</marc:subfield>
            <marc:subfield code="r">61gn13003</marc:subfield>
            <marc:subfield code="w">BOOK</marc:subfield>
        </marc:datafield>
        <marc:datafield tag="876" ind1=" " ind2=" ">
            <marc:subfield code="a">85ga12270</marc:subfield>
            <marc:subfield code="j">mini</marc:subfield>
            <marc:subfield code="p">85ga12270</marc:subfield>
            <marc:subfield code="r">85ga12270</marc:subfield>
            <marc:subfield code="w">BOOK</marc:subfield>
        </marc:datafield>
        <marc:datafield tag="901" ind1=" " ind2=" ">
            <marc:subfield code="a">80</marc:subfield>
        </marc:datafield>
        <marc:datafield tag="913" ind1=" " ind2=" ">
            <marc:subfield code="a">Norbok</marc:subfield>
            <marc:subfield code="b">NB</marc:subfield>
        </marc:datafield>
    </marc:record>