
    <marc:record>
        <marc:leader>02597cam a2200997 c 4500</marc:leader>
        <marc:controlfield tag="001">999524552504702202</marc:controlfield>
        <marc:controlfield tag="005">20230331150343.0</marc:controlfield>
        <marc:controlfield tag="007">cr||||||||||||</marc:controlfield>
        <marc:controlfield tag="007">ta</marc:controlfield>
        <marc:controlfield tag="008">140724s1995    no#||||j |||||000|1|nob| </marc:controlfield>
        <marc:datafield tag="014" ind1=" " ind2=" "/>
        <marc:datafield tag="014" ind1="O" ind2="O"/>
        <marc:datafield tag="014" ind1="s" ind2="a"/>
        <marc:datafield tag="015" ind1=" " ind2=" ">
            <marc:subfield code="a">9605848</marc:subfield>
            <marc:subfield code="2">nbf</marc:subfield>
        </marc:datafield>
        <marc:datafield tag="020" ind1=" " ind2=" ">
            <marc:subfield code="a">8202158168</marc:subfield>
            <marc:subfield code="q">ib.</marc:subfield>
            <marc:subfield code="q">Cappelen</marc:subfield>
            <marc:subfield code="c">Nkr 185.00</marc:subfield>
        </marc:datafield>
        <marc:datafield tag="020" ind1=" " ind2=" ">
            <marc:subfield code="a">8252532381</marc:subfield>
            <marc:subfield code="q">ib.</marc:subfield>
            <marc:subfield code="q">Bokklubbens barn</marc:subfield>
        </marc:datafield>
        <marc:datafield tag="035" ind1=" " ind2=" ">
            <marc:subfield code="a">(EXLNZ-47BIBSYS_NETWORK)999524552504702201</marc:subfield>
        </marc:datafield>
        <marc:datafield tag="035" ind1=" " ind2=" ">
            <marc:subfield code="a">(NO-TrBIB)101596774</marc:subfield>
        </marc:datafield>
        <marc:datafield tag="035" ind1=" " ind2=" ">
            <marc:subfield code="a">(NO-TrBIB)952455250</marc:subfield>
        </marc:datafield>
        <marc:datafield tag="035" ind1=" " ind2=" ">
            <marc:subfield code="a">952455250-47bibsys_network</marc:subfield>
        </marc:datafield>
        <marc:datafield tag="035" ind1="I" ind2="B"/>
        <marc:datafield tag="035" ind1="I" ind2="B"/>
        <marc:datafield tag="035" ind1="I" ind2="B"/>
        <marc:datafield tag="040" ind1=" " ind2=" ">
            <marc:subfield code="a">NO-OsNB</marc:subfield>
            <marc:subfield code="b">nob</marc:subfield>
            <marc:subfield code="e">katreg</marc:subfield>
        </marc:datafield>
        <marc:datafield tag="041" ind1="1" ind2=" ">
            <marc:subfield code="h">swe</marc:subfield>
        </marc:datafield>
        <marc:datafield tag="042" ind1=" " ind2=" ">
            <marc:subfield code="a">norbibl</marc:subfield>
        </marc:datafield>
        <marc:datafield tag="044" ind1=" " ind2=" ">
            <marc:subfield code="c">no</marc:subfield>
        </marc:datafield>
        <marc:datafield tag="080" ind1=" " ind2=" ">
            <marc:subfield code="a">82(08)-3</marc:subfield>
        </marc:datafield>
        <marc:datafield tag="082" ind1="7" ind2="4">
            <marc:subfield code="a">808.83</marc:subfield>
            <marc:subfield code="q">NO-OsNB</marc:subfield>
            <marc:subfield code="2">4/nor</marc:subfield>
        </marc:datafield>
        <marc:datafield tag="084" ind1=" " ind2=" ">
            <marc:subfield code="a">Pf 5</marc:subfield>
            <marc:subfield code="2">ubtkl/2</marc:subfield>
        </marc:datafield>
        <marc:datafield tag="084" ind1=" " ind2=" ">
            <marc:subfield code="a">S 1b</marc:subfield>
            <marc:subfield code="2">oosk</marc:subfield>
        </marc:datafield>
        <marc:datafield tag="245" ind1="0" ind2="0">
            <marc:subfield code="a">Spøkelsestimen :</marc:subfield>
            <marc:subfield code="b">&quot;Likkistesnekkeren&quot; og andre grøssere</marc:subfield>
            <marc:subfield code="c">Barbro Werkmäster (red.) ; oversatt av Jón Sveinbjørn Jónsson</marc:subfield>
        </marc:datafield>
        <marc:datafield tag="246" ind1="1" ind2=" ">
            <marc:subfield code="a">Nya spöktimmen</marc:subfield>
            <marc:subfield code="i">Originaltittel</marc:subfield>
        </marc:datafield>
        <marc:datafield tag="260" ind1=" " ind2=" ">
            <marc:subfield code="a">[Oslo]</marc:subfield>
            <marc:subfield code="b">Cappelen</marc:subfield>
            <marc:subfield code="c">1995</marc:subfield>
        </marc:datafield>
        <marc:datafield tag="300" ind1=" " ind2=" ">
            <marc:subfield code="a">184 s.</marc:subfield>
            <marc:subfield code="b">ill.</marc:subfield>
        </marc:datafield>
        <marc:datafield tag="500" ind1=" " ind2=" ">
            <marc:subfield code="a">1. norske utg. 1989</marc:subfield>
        </marc:datafield>
        <marc:datafield tag="533" ind1=" " ind2=" ">
            <marc:subfield code="a">Elektronisk reproduksjon</marc:subfield>
            <marc:subfield code="b">[Norge]</marc:subfield>
            <marc:subfield code="c">Nasjonalbiblioteket Digital</marc:subfield>
            <marc:subfield code="d">2010-07-24</marc:subfield>
        </marc:datafield>
        <marc:datafield tag="653" ind1=" " ind2=" ">
            <marc:subfield code="a">spøkelser-fortellinger</marc:subfield>
        </marc:datafield>
        <marc:datafield tag="700" ind1="0" ind2=" ">
            <marc:subfield code="2"/>
            <marc:subfield code="a">Asbjørnsen, P. Chr.</marc:subfield>
            <marc:subfield code="d">1812-1885</marc:subfield>
            <marc:subfield code="q">(Peter Christen)</marc:subfield>
            <marc:subfield code="t">Venner i liv og død</marc:subfield>
            <marc:subfield code="">&amp;#xbf;ưm</marc:subfield>
            <marc:subfield code="0">(NO-TrBIB)9006</marc:subfield>
        </marc:datafield>
        <marc:datafield tag="700" ind1="1" ind2=" ">
            <marc:subfield code="a">Jónsson, Jón Sveinbjørn</marc:subfield>
            <marc:subfield code="d">1955-2008</marc:subfield>
            <marc:subfield code="0">(NO-TrBIB)90113227</marc:subfield>
            <marc:subfield code="4">trl</marc:subfield>
        </marc:datafield>
        <marc:datafield tag="700" ind1="1" ind2=" ">
            <marc:subfield code="a">Werkmäster, Barbro</marc:subfield>
            <marc:subfield code="d">1932-</marc:subfield>
            <marc:subfield code="0">(NO-TrBIB)90371161</marc:subfield>
            <marc:subfield code="4">edt</marc:subfield>
        </marc:datafield>
        <marc:datafield tag="700" ind1="1" ind2=" ">
            <marc:subfield code="a">Werkmäster, Barbro</marc:subfield>
            <marc:subfield code="d">1932-</marc:subfield>
            <marc:subfield code="e">red.</marc:subfield>
            <marc:subfield code="0">(NO-TrBIB)90371161</marc:subfield>
        </marc:datafield>
        <marc:datafield tag="700" ind1="1" ind2="2">
            <marc:subfield code="a">Asbjørnsen, P. Chr.</marc:subfield>
            <marc:subfield code="d">1812-1885</marc:subfield>
            <marc:subfield code="q">(Peter Christen)</marc:subfield>
            <marc:subfield code="t">Fra &quot;En gammeldags julaften&quot;</marc:subfield>
            <marc:subfield code="">&amp;#xbf;ưm</marc:subfield>
            <marc:subfield code="0">(NO-TrBIB)900606</marc:subfield>
        </marc:datafield>
        <marc:datafield tag="700" ind1="2" ind2="2"/>
        <marc:datafield tag="700" ind1="3" ind2=" ">
            <marc:subfield code="2"/>
            <marc:subfield code="a">Bradbury, Ray</marc:subfield>
            <marc:subfield code="d">1920-2012</marc:subfield>
            <marc:subfield code="t">Mannen ovenpå</marc:subfield>
            <marc:subfield code="0">(NO-TrBIB)900830</marc:subfield>
        </marc:datafield>
        <marc:datafield tag="700" ind1="3" ind2="7"/>
        <marc:datafield tag="700" ind1="3" ind2="8"/>
        <marc:datafield tag="700" ind1="4" ind2="0"/>
        <marc:datafield tag="700" ind1="4" ind2="2"/>
        <marc:datafield tag="700" ind1="5" ind2="2"/>
        <marc:datafield tag="700" ind1="5" ind2="4"/>
        <marc:datafield tag="700" ind1="5" ind2="9"/>
        <marc:datafield tag="700" ind1="6" ind2=" ">
            <marc:subfield code="2"/>
            <marc:subfield code="a">Cecil, Henry</marc:subfield>
            <marc:subfield code="t">Bevis</marc:subfield>
            <marc:subfield code="0">(NO-TrBIB)903215</marc:subfield>
        </marc:datafield>
        <marc:datafield tag="700" ind1="6" ind2="1"/>
        <marc:datafield tag="700" ind1="6" ind2="5"/>
        <marc:datafield tag="700" ind1="6" ind2="8"/>
        <marc:datafield tag="700" ind1="7" ind2="0"/>
        <marc:datafield tag="700" ind1="8" ind2="5"/>
        <marc:datafield tag="700" ind1="8" ind2="5"/>
        <marc:datafield tag="700" ind1="9" ind2=" ">
            <marc:subfield code="2"/>
            <marc:subfield code="a">Bierce, Ambrose</marc:subfield>
            <marc:subfield code="d">182-1914</marc:subfield>
            <marc:subfield code="t">John Bartines ur</marc:subfield>
            <marc:subfield code="0">(NO-TrBIB)901871</marc:subfield>
        </marc:datafield>
        <marc:datafield tag="700" ind1="9" ind2="1"/>
        <marc:datafield tag="700" ind1="9" ind2="1"/>
        <marc:datafield tag="700" ind1="9" ind2="9"/>
        <marc:datafield tag="740" ind1="0" ind2=" ">
            <marc:subfield code="a">Gullbeinet</marc:subfield>
        </marc:datafield>
        <marc:datafield tag="740" ind1="0" ind2=" ">
            <marc:subfield code="a">Hans og husbonden hans</marc:subfield>
        </marc:datafield>
        <marc:datafield tag="740" ind1="0" ind2=" ">
            <marc:subfield code="a">Molly Dixon er død</marc:subfield>
        </marc:datafield>
        <marc:datafield tag="740" ind1="0" ind2=" ">
            <marc:subfield code="a">Ringen</marc:subfield>
        </marc:datafield>
        <marc:datafield tag="740" ind1="3" ind2=" ">
            <marc:subfield code="a">Et spøkelsesmåltid</marc:subfield>
        </marc:datafield>
        <marc:datafield tag="740" ind1="4" ind2=" ">
            <marc:subfield code="a">Den hodeløse rytteren</marc:subfield>
        </marc:datafield>
        <marc:datafield tag="852" ind1="_" ind2="n"/>
        <marc:datafield tag="852" ind1="_" ind2="n"/>
        <marc:datafield tag="852" ind1="_" ind2="n"/>
        <marc:datafield tag="856" ind1="1" ind2="6"/>
        <marc:datafield tag="856" ind1="1" ind2="6"/>
        <marc:datafield tag="856" ind1="1" ind2="6"/>
        <marc:datafield tag="856" ind1="3" ind2="8"/>
        <marc:datafield tag="856" ind1="4" ind2="8"/>
        <marc:datafield tag="856" ind1="b" ind2="N"/>
        <marc:datafield tag="859" ind1=" " ind2=" ">
            <marc:subfield code="t"/>
        </marc:datafield>
        <marc:datafield tag="859" ind1="0" ind2="0"/>
        <marc:datafield tag="859" ind1="7" ind2="8"/>
        <marc:datafield tag="876" ind1="-" ind2="3"/>
        <marc:datafield tag="876" ind1="-" ind2="3"/>
        <marc:datafield tag="876" ind1="-" ind2="3"/>
        <marc:datafield tag="901" ind1="j" ind2="o"/>
        <marc:datafield tag="913" ind1="a" ind2="9"/>
    </marc:record>