
    <marc:record>
        <marc:leader>00982caa a2200265#c 4500</marc:leader>
        <marc:controlfield tag="001">999920280366402202</marc:controlfield>
        <marc:controlfield tag="005">20230607095639.0</marc:controlfield>
        <marc:controlfield tag="007">ta</marc:controlfield>
        <marc:controlfield tag="008">130118s2012    no ac||e|    |000|0|nob|#</marc:controlfield>
        <marc:datafield tag="035" ind1=" " ind2=" ">
            <marc:subfield code="a">(EXLNZ-47BIBSYS_NETWORK)999921766684602201</marc:subfield>
        </marc:datafield>
        <marc:datafield tag="035" ind1=" " ind2=" ">
            <marc:subfield code="a">(NORART)1300528418</marc:subfield>
        </marc:datafield>
        <marc:datafield tag="040" ind1=" " ind2=" ">
            <marc:subfield code="a">NO-OsNB</marc:subfield>
            <marc:subfield code="b">nob</marc:subfield>
            <marc:subfield code="e">katreg</marc:subfield>
        </marc:datafield>
        <marc:datafield tag="082" ind1="7" ind2="4">
            <marc:subfield code="a">303.4</marc:subfield>
            <marc:subfield code="2">5/nor</marc:subfield>
            <marc:subfield code="q">NO-OsNB</marc:subfield>
        </marc:datafield>
        <marc:datafield tag="100" ind1="1" ind2=" ">
            <marc:subfield code="a">Waintal, Fabian W.</marc:subfield>
            <marc:subfield code="4">ivr</marc:subfield>
            <marc:subfield code="0">(NO-TrBIB)1642068482760</marc:subfield>
        </marc:datafield>
        <marc:datafield tag="245" ind1="1" ind2="0">
            <marc:subfield code="a">Mennesket liker kriger, de liker å drepe hverandre</marc:subfield>
        </marc:datafield>
        <marc:datafield tag="300" ind1=" " ind2=" ">
            <marc:subfield code="a">S. [34]-39</marc:subfield>
            <marc:subfield code="b">ill., port.</marc:subfield>
        </marc:datafield>
        <marc:datafield tag="500" ind1=" " ind2=" ">
            <marc:subfield code="a">Intervju med Ray Bradbury</marc:subfield>
        </marc:datafield>
        <marc:datafield tag="600" ind1="1" ind2="4">
            <marc:subfield code="a">Bradbury, Ray</marc:subfield>
        </marc:datafield>
        <marc:datafield tag="650" ind1=" " ind2="7">
            <marc:subfield code="a">framtidsvisjoner</marc:subfield>
            <marc:subfield code="2">norart</marc:subfield>
            <marc:subfield code="0">(NO-TrBIB)NORART1008500</marc:subfield>
        </marc:datafield>
        <marc:datafield tag="655" ind1=" " ind2="7">
            <marc:subfield code="a">Intervjuer</marc:subfield>
            <marc:subfield code="0">(uri)https://id.nb.no/vocabulary/ntsf/135</marc:subfield>
            <marc:subfield code="2">ntsf</marc:subfield>
        </marc:datafield>
        <marc:datafield tag="655" ind1=" " ind2="7">
            <marc:subfield code="a">Tidsskriftartikler</marc:subfield>
            <marc:subfield code="0">(uri)https://id.nb.no/vocabulary/ntsf/308</marc:subfield>
            <marc:subfield code="2">ntsf</marc:subfield>
        </marc:datafield>
        <marc:datafield tag="700" ind1="1" ind2=" ">
            <marc:subfield code="a">Bradbury, Ray</marc:subfield>
            <marc:subfield code="4">ive</marc:subfield>
        </marc:datafield>
        <marc:datafield tag="773" ind1="0" ind2=" ">
            <marc:subfield code="t">Bokvennen (Bokvennen forlag)</marc:subfield>
            <marc:subfield code="g">Årg. 24, nr. 4 (2012)</marc:subfield>
            <marc:subfield code="x">0802-1953</marc:subfield>
            <marc:subfield code="w">998920010624702201</marc:subfield>
        </marc:datafield>
        <marc:datafield tag="913" ind1=" " ind2=" ">
            <marc:subfield code="a">Norart</marc:subfield>
            <marc:subfield code="b">NB</marc:subfield>
        </marc:datafield>
        <marc:datafield tag="999" ind1=" " ind2=" ">
            <marc:subfield code="a">CP</marc:subfield>
            <marc:subfield code="9">local</marc:subfield>
        </marc:datafield>
    </marc:record>
</marc:collection>
